<?xml version="1.0" encoding="UTF-8"?><collection xmlns="http://www.loc.gov/MARC21/slim"><record><leader>00520nam--2200181-i-4500</leader><controlfield tag="001">000036296</controlfield><controlfield tag="002">20161230</controlfield><controlfield tag="005">20161230201040</controlfield><controlfield tag="008">060222s1000------------r-----000-0-eng-d</controlfield><datafield ind1=" " ind2=" " tag="040"><subfield code="a">IFIN-HH</subfield></datafield><datafield ind1=" " ind2=" " tag="080"><subfield code="a">539.171</subfield></datafield><datafield ind1="1" ind2=" " tag="100"><subfield code="a">Newton, Roger G</subfield></datafield><datafield ind1="1" ind2="0" tag="245"><subfield code="a">Scattering theory off waves and particles</subfield><subfield code="c">Roger g. newton</subfield></datafield><datafield ind1=" " ind2=" " tag="260"><subfield code="a">New York</subfield><subfield code="b">Mcgraw-hill Book Company</subfield><subfield code="c">1966</subfield></datafield><datafield ind1=" " ind2=" " tag="300"><subfield code="a">XVIII+681P</subfield></datafield><datafield ind1=" " ind2=" " tag="490"><subfield code="a">Internationa Series In Pure And Applied Physics</subfield></datafield><datafield ind1=" " ind2=" " tag="852"><subfield code="a">25862</subfield><subfield code="c">539.17</subfield></datafield><datafield ind1=" " ind2=" " tag="CAT"><subfield code="a">Sys</subfield><subfield code="c">20110120</subfield><subfield code="h">153244</subfield></datafield></record></collection>